<?xml version="1.0" encoding="UTF-8"?><collection xmlns="http://www.loc.gov/MARC21/slim"><record><leader>00547nam--2200193-i-4500</leader><controlfield tag="001">000033616</controlfield><controlfield tag="002">20161230</controlfield><controlfield tag="005">20161230201039</controlfield><controlfield tag="008">060222s1000------------r-----000-0-rum-d</controlfield><datafield ind1=" " ind2=" " tag="040"><subfield code="a">IFIN-HH</subfield></datafield><datafield ind1=" " ind2=" " tag="041"><subfield code="a">rum</subfield></datafield><datafield ind1=" " ind2=" " tag="080"><subfield code="a">015:539.171.12</subfield></datafield><datafield ind1="1" ind2=" " tag="100"><subfield code="a">Neamu, I</subfield></datafield><datafield ind1="1" ind2="0" tag="245"><subfield code="a">Mecanismul de reactie in imprastierea protonilor pe 22 ne si 32 s</subfield><subfield code="b">Autoreferatul tezei</subfield><subfield code="c">I. neamu</subfield></datafield><datafield ind1=" " ind2=" " tag="260"><subfield code="a">Bucuresti</subfield><subfield code="b">Ifa</subfield><subfield code="c">1973</subfield></datafield><datafield ind1=" " ind2=" " tag="300"><subfield code="a">32P</subfield></datafield><datafield ind1=" " ind2=" " tag="502"><subfield code="a">Conducator Stiintific: Prof.Dr.Doc. I. Ursu</subfield></datafield><datafield ind1=" " ind2=" " tag="852"><subfield code="a">39072</subfield><subfield code="c">539.17</subfield></datafield><datafield ind1=" " ind2=" " tag="CAT"><subfield code="a">Sys</subfield><subfield code="c">20120611</subfield><subfield code="h">113256</subfield></datafield></record></collection>